
@misc{bgm_site_2019,
	title = {Site internet de {Bretagne} {Grands} {Migrateurs} http://www.observatoire-poissons-migrateurs-bretagne.fr/lamproies},
	url = {http://www.observatoire-poissons-migrateurs-bretagne.fr/lamproies},
	urldate = {2019-04-15},
	journal = {Site internet de Bretagne Grands Migrateurs http://www.observatoire-poissons-migrateurs-bretagne.fr/lamproies},
	author = {BGM},
	year = {2019},
}

@techreport{carry_suivi_2017,
	title = {Suivi de la lamproie marine sur la {Dordogne} et la {Garonne}},
	url = {http://www.migado.fr/wp-content/uploads/2018/06/Suivi-lamproie-marine-Garonne-Dordogne-2017.pdf},
	urldate = {2019-04-15},
	institution = {MIGADO},
	author = {Carry, L. and Filloux, D. and Caut, I.},
	year = {2017},
	file = {Suivi-lamproie-marine-Garonne-Dordogne-2017.pdf:D\:\\OneDrive - Seine-Normandie Migrateurs\\Zotero\\storage\\NV5UVVQU\\Suivi-lamproie-marine-Garonne-Dordogne-2017.pdf:application/pdf},
}

@techreport{briand_eel_2015,
	title = {Eel density analysis ({EDA} 2.2) {Estimation} de l{\textquoteright}{\'e}chappemement en anguilles argent{\'e}es ({Anguilla} anguilla) en {France}},
	abstract = {EDA (Eel Density Analysis) is a modelling tool which allows the prediction of yellow eel densities and silver eel escapement from electrofishing survey networks. The 2015 version of EDA (2.1) is based on a dataset of 24 541 electrofishing operations which is higher than the 9 556 operations used in the 2012 version. The larger dataset is explained by the inclusion of deep water electrofishing operations and the eel specific surveys. The model distinguishes from its 2012 (2.1) version by the prediction of eel abundance per size class, separated with boundaries 150, 300, 450, 600 and 750 mm. The model estimates the eel biomass on the French territory at 1.829 {\textpm} (1.379, 2.338) millions of silver eels.},
	language = {fr},
	institution = {EPTB-Vilaine, ONEMA-INRA, IRSTEA},
	author = {Briand, C{\'e}dric and Beaulaton, Laurent and Chapon, Pierre-Marie and Drouineau, Hilaire and Lambert, Patrick},
	year = {2015},
	pages = {98},
	file = {Briand et al. - Eel density analysis (EDA 2.2).pdf:D\:\\OneDrive - Seine-Normandie Migrateurs\\Zotero\\storage\\Z8WG9QAH\\Briand et al. - Eel density analysis (EDA 2.2).pdf:application/pdf},
}

@techreport{thinus_impact_2016,
	type = {Rapport de synth{\`e}se},
	title = {Impact {\`a} la d{\'e}valaison de l'anguille des centrales hydro{\'e}lectriques de grande capacit{\'e} de l'aval de la {Seine}},
	abstract = {Cette {\'e}tude vise {\`a} {\'e}valuer les mortalit{\'e}s d{\textquoteright}anguilles argent{\'e}es lors de la d{\'e}valaison au niveau des diff{\'e}rents
am{\'e}nagements hydro{\'e}lectriques {\'e}quipant l{\textquoteright}aval du bassin de la Seine, ceci dans le but de mieux appr{\'e}hender
l{\textquoteright}impact de chacune des centrales et d{\textquoteright}appr{\'e}cier les effets cumul{\'e}s de ces am{\'e}nagements. Elle vise ensuite {\`a}
{\'e}valuer l{\textquoteright}impact suppl{\'e}mentaire que pr{\'e}senterait l{\textquoteright}implantation de nouveaux projets. Elle vise enfin {\`a} d{\'e}finir des
solutions pour limiter les mortalit{\'e}s d{\textquoteright}anguilles argent{\'e}es par les centrales hydro{\'e}lectriques.
La premi{\`e}re partie pr{\'e}sente le bassin de la Seine, le cycle biologique de l{\textquoteright}anguille et les am{\'e}nagements
hydro{\'e}lectriques pris en compte (3 centrales hydro{\'e}lectriques de l{\textquoteright}aval de la Seine actuellement en fonctionnement {\`a}
Poses, Notre Dame la Garenne et M{\'e}ricourt, et 7 projets de d{\'e}veloppement r{\'e}partis sur la Seine de Poses {\`a} Bougival
et sur la Marne {\`a} Meaux).
La seconde partie pr{\'e}sente l{\textquoteright}{\'e}valuation des mortalit{\'e}s d{\textquoteright}anguilles {\`a} la d{\'e}valaison en situation actuelle et en situation
avec projets. Cette {\'e}valuation est bas{\'e}e sur une mod{\'e}lisation du ph{\'e}nom{\`e}ne de d{\'e}valaison int{\'e}grant la r{\'e}partition
des anguilles argent{\'e}es dans le bassin de la Seine, l{\textquoteright}hydrologie en p{\'e}riode de d{\'e}valaison, le comportement et
l{\textquoteright}{\'e}chappement des anguilles au droit des am{\'e}nagements et l{\textquoteright}estimation des mortalit{\'e}s dans les turbines d{\'e}pendant
des caract{\'e}ristiques des centrales.
Sur les 122 tonnes d{\textquoteright}anguilles argent{\'e}es produites en 2012 {\`a} l{\textquoteright}{\'e}chelle de la Seine et ses affluents, 63 tonnes, soit
plus de la moiti{\'e}, sont produites en amont de l{\textquoteright}ouvrage de Poses.
En situation actuelle, sur ces 63 tonnes, les mortalit{\'e}s sont variables et d{\'e}pendent tr{\`e}s fortement de l{\textquoteright}hydrologie
pendant la p{\'e}riode de d{\'e}valaison. En moyenne sur les 6 p{\'e}riodes de d{\'e}valaison mod{\'e}lis{\'e}es de 2010 {\`a} 2016, les
mortalit{\'e}s sont estim{\'e}es {\`a} 7,8 tonnes, soit 12 \% de la biomasse produite en amont de Poses. Les ann{\'e}es avec des
d{\'e}bits {\'e}lev{\'e}s en p{\'e}riode de d{\'e}valaison favorisant l{\textquoteright}{\'e}chappement par les ouvrages de d{\'e}charge, les mortalit{\'e}s
baissent {\`a} 4,4 tonnes (7 \% des 63 tonnes amont Poses). Les ann{\'e}es avec des d{\'e}bits faibles, les mortalit{\'e}s atteignent
19,6 tonnes (31 \% des 63 tonnes amont Poses). En revanche, il n{\textquoteright}y pas de diff{\'e}rence significative de mortalit{\'e} entre
les centrales du fait de caract{\'e}ristiques proches.
Sur les 7 projets, 4 ne pr{\'e}sentent pas d{\textquoteright}impact {\`a} la d{\'e}valaison de par la mise en place de turbines ichtyocompatibles.
L{\textquoteright}estimation globale des mortalit{\'e}s suppl{\'e}mentaires qu{\textquoteright}engendrerait l{\textquoteright}implantation des 3 autres projets est en
moyenne sur les 6 ann{\'e}es mod{\'e}lis{\'e}es de 2 tonnes, soit une augmentation de 26 \% de l{\textquoteright}impact actuel en biomasse.
Apr{\`e}s avoir rappel{\'e} les solutions existantes pour {\'e}viter ou r{\'e}duire les mortalit{\'e}s dans les centrales hydro{\'e}lectriques
(prises d{\textquoteright}eau ichytocompatibles, turbines ichtyocompatibles, arr{\^e}ts de turbinage cibl{\'e}s, capture et transport {\textellipsis}), la
derni{\`e}re partie pr{\'e}sente les solutions les plus adapt{\'e}es pour les 3 centrales hydro{\'e}lectriques de grande capacit{\'e} de
l{\textquoteright}aval de la Seine. En outre, des propositions d{\textquoteright}optimisation des projets sont formul{\'e}es pour {\'e}viter ou r{\'e}duire au
maximum les impacts d{\`e}s leur conception.},
	institution = {Cerema},
	author = {Thinus, Z{\'e}phyre and Guillot, Fanny and Bernat-y-Vicens, Pierre},
	year = {2016},
	pages = {64},
	file = {Thinus et al. - 2016 - Impact {\`a} la d{\'e}valaison de l'anguille des centrales.pdf:D\:\\OneDrive - Seine-Normandie Migrateurs\\Zotero\\storage\\R7DRU4L4\\Thinus et al. - 2016 - Impact {\`a} la d{\'e}valaison de l'anguille des centrales.pdf:application/pdf},
}

@techreport{bau_suivi_2012,
	type = {Rapport de synth{\`e}se},
	title = {Suivi par radiopistage de la d{\'e}valaison de l{\textquoteright}anguille argent{\'e}e sur le {Gave} de {Pau} au niveau des ouvrages hydro{\'e}lectriques d{\textquoteright}{Artix}, {Biron}, {Sapso}, {Castetarbe}, {Baigts} et {Puyoo} (2007-2009).},
	institution = {IRSTEA},
	author = {Bau, F. and Drouineau, H. and Gomes, P. and Baran, P. and Larinier, M. and Alric, A. and Travade, F. and De Oliveira, E.},
	year = {2012},
}

@techreport{garot_contromigrations_2015,
	type = {Rapport technique},
	title = {Contr{\^o}le des migrations en montaison sur la {Seine} en rive gauche du barrage de {Poses}-{Amfreville}-sous-les-{Monts} 2008-2012},
	institution = {Seine Normandie Migrateurs},
	author = {Garot, Geoffroy},
	year = {2015},
	pages = {35},
}

@incollection{pomfret_spatial_1991,
	address = {Fredensborg, Denmark},
	series = {International {Symposium} {Series}},
	title = {Spatial and temporal patterns in the fish communities in two {UK} {North} {Sea} estuaries.},
	booktitle = {Estuaries and {Coasts}: spatial and temporal intercomparisons},
	publisher = {Olsen and Olsen},
	author = {Pomfret, John R. and Elliott, Michael and O'Reilly, Myles G. and Phillips, Sarah},
	editor = {Elliott, Michael and Ducrotoy, Jean-Paul},
	year = {1991},
}

@article{rochard_identification_2009,
	title = {Identification of {Diadromous} {Fish} {Species} on which to {Focus} {River} {Restoration}: {An} {Example} {Using} an {Eco}-{Anthropological} {Approach} ({The} {Seine} {Basin}, {France})},
	language = {en},
	journal = {American Fisheries Society Symposium},
	author = {Rochard, Eric and Pellegrini, Patricia and Marchal, Julie and B{\'e}guer, M{\'e}lanie and Ombredane, Dominique and Lassalle, G{\'e}raldine and Menvielle, Erwan and Baglini{\`e}re, Jean-Luc},
	year = {2009},
	pages = {23},
	file = {Rochard et al. - Identification of Diadromous Fish Species on which.pdf:D\:\\OneDrive - Seine-Normandie Migrateurs\\Zotero\\storage\\HCHTHGVP\\Rochard et al. - Identification of Diadromous Fish Species on which.pdf:application/pdf},
}

@techreport{sanson_suivi_2013,
	type = {Rapport technique},
	title = {Suivi de la reproduction de la {Lamproie} marine ({Petromyzon} marinus) sur l{\textquoteright}{Andelle} - 2011},
	institution = {FDAAPPMA 27},
	author = {Sanson, Germain},
	year = {2013},
}

@techreport{sanson_suivi_2010,
	type = {Rapport technique},
	title = {Suivi de la reproduction de la {Lamproie} marine ({Petromyzon} marinus) sur l{\textquoteright}{Andelle} - 2010},
	institution = {FDAAPPMA 27},
	author = {Sanson, Germain},
	year = {2010},
}

@techreport{sanson_suivi_2009,
	type = {Rapport technique},
	title = {Suivi de la reproduction de la {Lamproie} marine ({Petromyzon} marinus) sur l{\textquoteright}{Andelle} - 2009},
	institution = {FDAAPPMA 27},
	author = {Sanson, Germain},
	year = {2009},
}

@techreport{barault_suivi_2013,
	type = {Rapport technique},
	title = {Suivi de la reproduction de la {Lamproie} marine ({Petromyzon} marinus) dans le d{\'e}partement de l'{Eure} - {Rivi{\`e}re} : {Andelle}, l'{Epte} et {Eure} - 2012},
	institution = {FDAAPPMA 27},
	author = {Barault, Adrien and Sanson, Germain},
	year = {2013},
}

@article{bagliniere_reintroductions_1990,
	title = {R{\'e}introductions et soutiens de populations du saumon atlantique ({Salmo} salar {L}.) en {France}},
	issn = {2429-6422},
	url = {http://documents.irevues.inist.fr/handle/2042/54627},
	language = {fr},
	urldate = {2019-01-24},
	journal = {Revue d'{\'e}cologie},
	author = {Baglini{\`e}re, J. L. and Thibault, M. and Dumas, J.},
	year = {1990},
	file = {Full Text PDF:D\:\\OneDrive - Seine-Normandie Migrateurs\\Zotero\\storage\\S5PZB3KZ\\Baglini{\`e}re et al. - 1990 - R{\'e}introductions et soutiens de populations du saum.pdf:application/pdf;Snapshot:D\:\\OneDrive - Seine-Normandie Migrateurs\\Zotero\\storage\\QPEQWNYY\\54627.html:text/html},
}

@article{travade_les_1992,
	title = {Les techniques de contr{\^o}le des passes {\`a} poissons},
	volume = {326-327},
	issn = {0767-2861},
	url = {http://www.kmae-journal.org/10.1051/kmae:1992012},
	doi = {10.1051/kmae:1992012},
	language = {fr},
	urldate = {2019-01-24},
	journal = {Bulletin Fran{\c c}ais de la P{\^e}che et de la Pisciculture},
	author = {Travade, F. and Larinier, M.},
	year = {1992},
	pages = {151--164},
	file = {Travade et Larinier - 1992 - Les techniques de contr{\^o}le des passes {\`a} poissons.pdf:D\:\\OneDrive - Seine-Normandie Migrateurs\\Zotero\\storage\\FH8T4J7T\\Travade et Larinier - 1992 - Les techniques de contr{\^o}le des passes {\`a} poissons.pdf:application/pdf},
}

@book{taverny_les_2010,
	title = {Les lamproies en {Europe} de l'{Ouest}: {\'E}cophases, esp{\`e}ces et habitats},
	isbn = {978-2-7592-0378-9},
	shorttitle = {Les lamproies en {Europe} de l'{Ouest}},
	abstract = {Ce guide propose un itin{\'e}raire in{\'e}dit pour une meilleure identification de la lamproie marine (P. marinus), de la lamproie fluviatile (L. fluviatilis) et de la lamproie de planer (L. planeri). Il pr{\'e}sente l'histoire de l'{\'e}volution des lamproies, leurs principales caract{\'e}ristiques biologiques et leur r{\'e}partition g{\'e}ographique. Des cl{\'e}s d'orientation et d'identification des lamproies au cours de leurs diff{\'e}rentes {\'e}cophases de vie en eau douce sont propos{\'e}es sous forme de fiches illustr{\'e}es.L'ouvrage d{\'e}cline les caract{\'e}ristiques propres aux zones de fray{\`e}re et aux zones de grossissement des larves des diff{\'e}rentes esp{\`e}ces. Des tableaux r{\'e}capitulatifs et des fiches d'expertise aideront les gestionnaires {\`a} reconna{\^i}tre et prot{\'e}ger les habitats des lamproies au cours des diff{\'e}rentes {\'e}cophases. Des annexes donnent des conseils pratiques pour observer les habitats, capturer et examiner les lamproies. Public : op{\'e}rateurs de terrain en charge de la gestion des milieux, bureaux d'{\'e}tudes mais aussi naturalistes, enseignants et chercheurs.},
	language = {fr},
	publisher = {Editions Quae},
	author = {Taverny, Catherine and Elie, Pierre},
	month = mar,
	year = {2010},
	note = {Google-Books-ID: KljfLM8hIngC},
	keywords = {Science / Life Sciences / Zoology / Ichthyology \& Herpetology},
}

@article{saunders_atlantic_1981,
	title = {Atlantic {Salmon} ({Salmo} salar) {Stocks} and {Management} {Implications} in the {Canadian} {Atlantic} {Provinces} and {New} {England}, {USA}},
	volume = {38},
	issn = {0706-652X},
	url = {http://www.nrcresearchpress.com/doi/abs/10.1139/f81-211},
	doi = {10.1139/f81-211},
	abstract = {This paper discusses the diversity of Atlantic salmon (Salmo salar) expressed as anatomical, physiological, and behavioral differences among stocks in the Atlantic Provinces of Canada and New England, USA. Evidence is reviewed for environmental and genetic influence on a number of stock-specific traits. Unique qualities of particular stocks are described. The loss of salmon from much of its former range is documented and discussed in relation to stock characteristics important in rehabilitation efforts. The mixed stock fisheries in Greenland and Newfoundland are considered from the point of view of interception. It is concluded that identification and management of specific stocks in the Greenland fishery are impracticable at present but that identification of North American components, using discriminant function analysis of scale growth patterns and smolt tagging, should be continued. In Newfoundland knowledge gained from tagging studies allows a significant degree of management of stocks from mainland ..., Ce qui suit est une analyse de la diversit{\'e} observ{\'e}e chez le saumon atlantique (Salmo salar) et qui s'exprime par des diff{\'e}rences anatomiques, physiologiques et {\'e}thologiques entre les stocks des provinces atlantiques du Canada et de la Nouvelle-Angleterre ({\'E}.-U.). On y passe en revue l'information relative {\`a} l'influence que l'environnement ou l'h{\'e}r{\'e}dit{\'e} peut avoir sur plusieurs caract{\`e}res sp{\'e}cifiques au stock, et l'on d{\'e}crit les qualit{\'e}s uniques de stocks particuliers. On documente et analyse la disparition du saumon d'une bonne partie de l'aire qu'il occupait jadis, par rapport {\`a} certaines caract{\'e}ristiques de stock susceptibles de jouer un r{\^o}le important dans la r{\'e}habilitation. L'aspect interception dans les p{\^e}cheries de stocks mixtes du Groenland et de Terre-Neuve est analys{\'e}. On en vient {\`a} la conclusion que l'identification et la gestion de stocks sp{\'e}cifiques dans la p{\^e}cherie du Groenland sont pr{\'e}sentement irr{\'e}alisables. Par contre, l'identification des composants nord-am{\'e}ricains, par analyse discrimin...},
	number = {12},
	urldate = {2019-01-24},
	journal = {Canadian Journal of Fisheries and Aquatic Sciences},
	author = {Saunders, Richard L.},
	month = dec,
	year = {1981},
	pages = {1612--1625},
	file = {NRC Research Press Snapshot:D\:\\OneDrive - Seine-Normandie Migrateurs\\Zotero\\storage\\V8UTJVMW\\f81-211.html:text/html;Saunders - 1981 - Atlantic Salmon ( iSalmo salari ) Stocks and .pdf:D\:\\OneDrive - Seine-Normandie Migrateurs\\Zotero\\storage\\AASQYVL2\\Saunders - 1981 - Atlantic Salmon ( iSalmo salari ) Stocks and .pdf:application/pdf},
}

@techreport{sanmartin_suivi_2018,
	type = {M{\'e}moire de {Master} 2},
	title = {Suivi et estimation du recrutement de la {Seine} en {Anguille} europ{\'e}enne ({Anguilla} anguilla)},
	institution = {Universit{\'e} de Clermont Auvergne},
	author = {Sanmartin, M{\'e}lanie},
	year = {2018},
	pages = {57},
}

@techreport{rochard_identification_2007,
	title = {Identification {\'e}co-anthropologique d{\textquoteright}esp{\`e}ces migratrices, embl{\'e}matiques de la reconqu{\^e}te d{\textquoteright}un milieu fortement anthropis{\'e}, la {Seine}},
	institution = {Cemagref EPBX, Rennes Agrocampus, Mus{\'e}um National d'histoire Naturelle},
	author = {Rochard, E. and Marchal, J. and Pellegrini, P. and B{\'e}guer, M. and Ombredane, D. and Gazeau, C. and Baglini{\`e}re, J. L. and Menvielle, E. and Croze, O.},
	year = {2007},
	file = {Rochard et al. - 2007 - Identification {\'e}co-anthropologique d{\textquoteright}esp{\`e}ces migra.pdf:D\:\\OneDrive - Seine-Normandie Migrateurs\\Zotero\\storage\\WK5LM8TQ\\Rochard et al. - 2007 - Identification {\'e}co-anthropologique d{\textquoteright}esp{\`e}ces migra.pdf:application/pdf},
}

@article{rochard_premier_1996,
	title = {Premier inventaire ichtyologique de la partie basse de la {Seine}},
	journal = {Rapport exercice},
	author = {Rochard, Eric and Boet, Philippe and Castelnaud, G{\'e}rard and Gauthiez, Fran{\c c}ois and Bigot, Jean Fran{\c c}ois and Ballion, Bernard},
	year = {1996},
	pages = {8--31},
}

@article{keith_atlas_2001,
	title = {Atlas des poissons d'eau douce de {France}},
	journal = {Collection patrimoines naturels},
	author = {Keith, Philippe and Allardi, Jean},
	year = {2001},
}

@article{poplin_peuplement_1952,
	title = {Le peuplement des eaux de l'{Yonne} moyenne},
	volume = {164},
	issn = {0373-0514},
	url = {http://www.kmae-journal.org/10.1051/kmae:1952011},
	doi = {10.1051/kmae:1952011},
	language = {fr},
	urldate = {2019-01-24},
	journal = {Bulletin Fran{\c c}ais de Pisciculture},
	author = {Poplin, R.},
	year = {1952},
	pages = {109--114},
	file = {Poplin - 1952 - Le peuplement des eaux de l'Yonne moyenne.pdf:D\:\\OneDrive - Seine-Normandie Migrateurs\\Zotero\\storage\\EQTSC2AX\\Poplin - 1952 - Le peuplement des eaux de l'Yonne moyenne.pdf:application/pdf},
}

@article{parrish_why_2011,
	title = {Why aren't there more {Atlantic} salmon ({Salmo} salar)?},
	url = {http://www.nrcresearchpress.com/doi/abs/10.1139/d98-012#.XEm_MWlCdpg},
	doi = {10.1139/d98-012},
	abstract = {Numbers of wild anadromous Atlantic salmon (Salmo salar) have declined demonstrably throughout their native range. The current status of runs on rivers historically supporting salmon indicate widespread declines and extirpations in Europe and North America primarily in southern portions of the range. Many of these declines or extirpations can be attributed to the construction of mainstem dams, pollution (including acid rain), and total dewatering of streams. Purported effects on declines during the 1960s through the 1990s include overfishing, and more recently, changing ocean conditions, and intensive aquaculture. Most factors affecting salmon numbers do not act singly, but rather in concert, which masks the relative contribution of each factor. Salmon researchers and managers should not look for a single culprit in declining numbers of salmon, but rather, seek solutions through rigorous data gathering and testing of multiple effects integrated across space and time.},
	language = {en},
	urldate = {2019-01-24},
	journal = {Canadian Journal of Fisheries and Aquatic Sciences},
	author = {Parrish, Donna L. and Behnke, Robert J. and Gephard, Stephen R. and McCormick, Stephen D. and Reeves, Gordon H.},
	month = apr,
	year = {2011},
	file = {Parrish et al. - 1998 - Why aren{\textquoteright}t there more Atlantic salmon (Salmo salar.pdf:D\:\\OneDrive - Seine-Normandie Migrateurs\\Zotero\\storage\\2VMFKZUT\\Parrish et al. - 1998 - Why aren{\textquoteright}t there more Atlantic salmon (Salmo salar.pdf:application/pdf;Snapshot:D\:\\OneDrive - Seine-Normandie Migrateurs\\Zotero\\storage\\88AN7HGV\\d98-012.html:text/html},
}

@article{nehlsen_pacific_2011,
	title = {Pacific {Salmon} at the {Crossroads}: {Stocks} at {Risk} from {California}, {Oregon}, {Idaho}, and {Washington}},
	issn = {10.1577/1548-8446(1991)016{\textless}0004:PSATCS{\textgreater}2.0.CO;2},
	shorttitle = {Pacific {Salmon} at the {Crossroads}},
	url = {https://www.tandfonline.com/doi/abs/10.1577/1548-8446%281991%29016%3C0004%3APSATCS%3E2.0.CO%3B2},
	abstract = {(1991). Pacific Salmon at the Crossroads: Stocks at Risk from California, Oregon, Idaho, and Washington. Fisheries: Vol. 16, No. 2, pp. 4-21.},
	language = {en},
	urldate = {2019-01-24},
	journal = {Fisheries},
	author = {Nehlsen, Willa and Williams, Jack E. and Lichatowich, James A.},
	month = jan,
	year = {2011},
	file = {Nehlsen et al. - 2011 - Pacific Salmon at the Crossroads Stocks at Risk f.pdf:D\:\\OneDrive - Seine-Normandie Migrateurs\\Zotero\\storage\\RJPYHYN2\\Nehlsen et al. - 2011 - Pacific Salmon at the Crossroads Stocks at Risk f.pdf:application/pdf;Snapshot:D\:\\OneDrive - Seine-Normandie Migrateurs\\Zotero\\storage\\77F84MQZ\\1548-8446(1991)0160004PSATCS2.0.html:text/html},
}

@techreport{mullet_suivi_2014,
	type = {M{\'e}moire de {Master} 2},
	title = {Suivi et estimation du recrutement de la {Seine} en {Anguille} europ{\'e}enne ({Anguilla} anguilla)},
	institution = {Universit{\'e} de Caen Basse Normandie},
	author = {Mullet, Valentin},
	year = {2014},
	pages = {48},
}

@article{mouchel_bassin_1998,
	title = {Un bassin et des hommes: une histoire tourment{\'e}e},
	shorttitle = {Un bassin et des hommes},
	journal = {La Seine en son bassin},
	author = {Mouchel, Jean-Marie and Boet, Philippe and Hubert, Gilles and Guerrini, Marie-Claire},
	year = {1998},
	pages = {77--125},
}

@article{moreau_les_1898,
	title = {Les poissons du d{\'e}partement de l'{Yonne}},
	volume = {52},
	journal = {Bull Soc. Sci. Hist. Nat. Yonne},
	author = {Moreau, E.},
	year = {1898},
	pages = {2},
}

@book{moreau_histoire_1881,
	title = {Histoire naturelle des poissons de la {France}},
	volume = {2},
	publisher = {G. Masson},
	author = {Moreau, {\'E}mile},
	year = {1881},
}

@article{mckinnell_spatial_1999,
	title = {Spatial and temporal covariation in the recruitment and abundance of {Atlantic} salmon populations in the {Baltic} {Sea}},
	volume = {56},
	issn = {1054-3139},
	url = {https://academic.oup.com/icesjms/article/56/4/433/624627},
	doi = {10.1006/jmsc.1999.0456},
	abstract = {Abstract.  Synchronous trends in the abundance of hatchery and wild Baltic salmon populations are examined using correlation analysis. The river catch of wild a},
	language = {en},
	number = {4},
	urldate = {2019-01-24},
	journal = {ICES Journal of Marine Science},
	author = {McKinnell, S. M. and Karlstr{\"o}m, {\"O}},
	month = aug,
	year = {1999},
	pages = {433--443},
	file = {Full Text PDF:D\:\\OneDrive - Seine-Normandie Migrateurs\\Zotero\\storage\\8R28CPNM\\McKinnell et Karlstr{\"o}m - 1999 - Spatial and temporal covariation in the recruitmen.pdf:application/pdf;Snapshot:D\:\\OneDrive - Seine-Normandie Migrateurs\\Zotero\\storage\\XKNXTJ2U\\624627.html:text/html},
}

@article{mcdowall_different_1999,
	title = {Different kinds of diadromy: {Different} kinds of conservation problems},
	volume = {56},
	issn = {1054-3139},
	shorttitle = {Different kinds of diadromy},
	url = {https://academic.oup.com/icesjms/article/56/4/410/624619},
	doi = {10.1006/jmsc.1999.0450},
	abstract = {Abstract.  Conservation issues of diadromous fishes are discussed in relation to the IUCN list of threatened species. There is still uncertainty in respect of t},
	language = {en},
	number = {4},
	urldate = {2019-01-24},
	journal = {ICES Journal of Marine Science},
	author = {McDowall, R. M.},
	month = aug,
	year = {1999},
	pages = {410--413},
	file = {Full Text PDF:D\:\\OneDrive - Seine-Normandie Migrateurs\\Zotero\\storage\\BVPZY6GR\\McDowall - 1999 - Different kinds of diadromy Different kinds of co.pdf:application/pdf;Snapshot:D\:\\OneDrive - Seine-Normandie Migrateurs\\Zotero\\storage\\MVSC9EYB\\624619.html:text/html},
}

@article{limburg_dramatic_2009,
	title = {Dramatic {Declines} in {North} {Atlantic} {Diadromous} {Fishes}},
	volume = {59},
	issn = {0006-3568},
	url = {https://academic.oup.com/bioscience/article/59/11/955/251256},
	doi = {10.1525/bio.2009.59.11.7},
	abstract = {Abstract.  We examined the status of diadromous (migratory between saltwater and freshwater) fishes within the North Atlantic basin, a region of pronounced decl},
	language = {en},
	number = {11},
	urldate = {2019-01-24},
	journal = {BioScience},
	author = {Limburg, Karin E. and Waldman, John R.},
	month = dec,
	year = {2009},
	pages = {955--965},
	file = {Full Text PDF:D\:\\OneDrive - Seine-Normandie Migrateurs\\Zotero\\storage\\QKSI6SH4\\Limburg et Waldman - 2009 - Dramatic Declines in North Atlantic Diadromous Fis.pdf:application/pdf;Snapshot:D\:\\OneDrive - Seine-Normandie Migrateurs\\Zotero\\storage\\LNILH4LM\\251256.html:text/html},
}

@article{lichatowich_depletion_1999,
	title = {Depletion and extinction of {Pacific} salmon ({Oncorhynchus} spp.): {A} different perspective},
	volume = {56},
	issn = {1054-3139},
	shorttitle = {Depletion and extinction of {Pacific} salmon ({Oncorhynchus} spp.)},
	url = {https://academic.oup.com/icesjms/article/56/4/467/624635},
	doi = {10.1006/jmsc.1999.0457},
	abstract = {Abstract.  Conventional wisdom holds that the depletion of Pacific salmon is a consequence of the economic development and exploitation of Pacific Northwest eco},
	language = {en},
	number = {4},
	urldate = {2019-01-24},
	journal = {ICES Journal of Marine Science},
	author = {Lichatowich, J. and Mobrand, L. and Lestelle, L.},
	month = aug,
	year = {1999},
	pages = {467--472},
	file = {Full Text PDF:D\:\\OneDrive - Seine-Normandie Migrateurs\\Zotero\\storage\\SVLFHI9C\\Lichatowich et al. - 1999 - Depletion and extinction of Pacific salmon (Oncorh.pdf:application/pdf;Snapshot:D\:\\OneDrive - Seine-Normandie Migrateurs\\Zotero\\storage\\NRWEZMP2\\624635.html:text/html},
}

@techreport{flesselle_suivi_2016,
	type = {M{\'e}moire de {Master} 2},
	title = {Suivi et estimation du recrutement de la {Seine} en {Anguille} europ{\'e}enne ({Anguilla} anguilla)},
	institution = {Universit{\'e} de Rouen},
	author = {Flesselle, Aur{\'e}lie},
	year = {2016},
	pages = {100},
}

@techreport{lenoir_suivi_2015,
	type = {M{\'e}moire de {Master} 2},
	title = {Suivi et estimation du recrutement de la {Seine} en {Anguille} europ{\'e}enne ({Anguilla} anguilla)},
	institution = {Universit{\'e} de Rouen},
	author = {Lenoir, Marie},
	year = {2015},
	pages = {85},
}

@article{jonsson_extinction_1999,
	title = {Extinction considerations for diadromous fishes},
	volume = {56},
	issn = {1054-3139},
	url = {https://academic.oup.com/icesjms/article/56/4/405/624618},
	doi = {10.1006/jmsc.1999.0483},
	abstract = {Abstract.  Among diadromous fishes, the sturgeons are particularly threatened with 13 of 15 species considered endangered or vulnerable to extinction worldwide.},
	language = {en},
	number = {4},
	urldate = {2019-01-24},
	journal = {ICES Journal of Marine Science},
	author = {Jonsson, B. and Waples, R. S. and Friedland, K. D.},
	month = aug,
	year = {1999},
	pages = {405--409},
	file = {Full Text PDF:D\:\\OneDrive - Seine-Normandie Migrateurs\\Zotero\\storage\\LBYFFX7U\\Jonsson et al. - 1999 - Extinction considerations for diadromous fishes.pdf:application/pdf;Snapshot:D\:\\OneDrive - Seine-Normandie Migrateurs\\Zotero\\storage\\SARN3SJG\\624618.html:text/html},
}

@misc{gousailles_limpact_2009,
	type = {communication orale},
	title = {L{\textquoteright}impact de l{\textquoteright}assainissement en {\^I}le-de-{France} sur la qualit{\'e} de le {Seine}},
	author = {Gousailles, Michel},
	month = mar,
	year = {2009},
}

@article{euzenat_migren_1992,
	title = {Migr{\textquoteright}en {Seine}. {Strat{\'e}gie} pour le retour du saumon en {Seine}},
	journal = {Rapport Conseil Sup{\'e}rieur de la P{\^e}che/SIAAP: 38 p},
	author = {Euzenat, G. and P{\'e}nil, C. and Allardi, J.},
	year = {1992},
}

@article{duhamel_peuplement_2004,
	title = {Le peuplement ichtyologique de l{\textquoteright}estuaire amont},
	volume = {3},
	journal = {Rapport scientifique Seine-Aval},
	author = {Duhamel, S. and Gouneau, N. and Lefran{\c c}ois, T. and Mayot, S. and Perrot, Y. and Feunteun, E.},
	year = {2004},
	pages = {53},
}

@incollection{boet_multiple_1999,
	address = {Dordrecht},
	series = {Developments in {Hydrobiology}},
	title = {Multiple human impacts by the {City} of {Paris} on fish communities in the {Seine} river basin, {France}},
	isbn = {978-94-017-2163-9},
	url = {https://doi.org/10.1007/978-94-017-2163-9_7},
	abstract = {The Seine, which flows through greater Paris whose population is nearly 10 million, is one of the most severely damaged European rivers. Considering several published studies, this paper examines the consequences for the fish communities of the development of Paris. Three major impacts are studied: river modifications for navigational purposes, control of river flow by storage reservoirs and degradation of water quality downstream of the City. At the basin scale, river modifications to improve navigation greatly affect the species composition of the fauna. Construction of weirs and locks along all the wider reaches of the river and its major tributaries have progressively caused the extinction of seven migratory species. Conversely, links with other catchments through waterways have favoured a colonization of the Seine river basin by several species. Locally, at the reach scale, channelling leads to homogenization of habitat conditions, which results in a general decrease of specialized species. Several storage reservoirs regulate the upper Seine basin to control floods and maintain minimum low-water flow in the lower reaches. Their overall effects on fish communities are still poorly documented. However, a detailed study reveals their negative consequences for the pike populations. Under natural flow conditions, one year out of two was suitable for pike reproduction. Since the development of flow regulation, suitable conditions for reproduction are only observed in one year out of five. Because of its very large population, the city of Paris dramatically affects the water quality of the Seine. In the last 30 years, organic pollution has been strongly reduced. However, at present, water quality degradation still causes noticeable decrease in fish species richness downstream from Paris. In summer low-flow conditions, storm events lead to sudden decreases in dissolved oxygen, causing massive fish mortality downstream from the city. In such situations, tributaries, side-channels, sandpits and areas just below weirs, constitute valuable shelters for many species.},
	language = {en},
	urldate = {2019-01-24},
	booktitle = {Man and {River} {Systems}: {The} {Functioning} of {River} {Systems} at the {Basin} {Scale}},
	publisher = {Springer Netherlands},
	author = {Bo{\"e}t, Philippe and Belliard, J{\'e}r{\^o}me and Berrebi-dit-Thomas, Romuald and Tales, Evelyne},
	editor = {Garnier, Josette and Mouchel, Jean-Marie},
	year = {1999},
	doi = {10.1007/978-94-017-2163-9_7},
	keywords = {fish communities, human impacts, navigated rivers, regulated rivers, Seine river, water quality, watershed management},
	pages = {59--68},
	file = {Bo{\"e}t et al. - 1999 - Multiple human impacts by the City of Paris on fis.pdf:D\:\\OneDrive - Seine-Normandie Migrateurs\\Zotero\\storage\\V96B6TC5\\Bo{\"e}t et al. - 1999 - Multiple human impacts by the City of Paris on fis.pdf:application/pdf},
}

@book{billen_programme_1999,
	title = {Programme scientifique {Seine}-{Aval}: {L}'oxyg{\`e}ne: {Un} t{\'e}moin du fonctionnement microbiologique, 5},
	isbn = {978-2-84433-030-7},
	shorttitle = {Programme scientifique {Seine}-{Aval}},
	url = {http://hdl.handle.net/2013/ULB-DIPOT:oai:dipot.ulb.ac.be:2013/54995},
	abstract = {DI-fusion, le D{\'e}p{\^o}t institutionnel num{\'e}rique de l'ULB, est l'outil de r{\'e}f{\'e}rencementde la production scientifique de l'ULB.L'interface de recherche DI-fusion permet de consulter les publications des chercheurs de l'ULB et les th{\`e}ses qui y ont {\'e}t{\'e} d{\'e}fendues.},
	language = {fr},
	urldate = {2019-01-24},
	publisher = {Ifremer},
	author = {Billen, Gilles and Garnier, Josette and Servais, Pierre and Brion, N. and Ficht, A. and Even, S. and Berthe, T. and Poulin, Michel Bigras},
	month = jan,
	year = {1999},
	file = {Snapshot:D\:\\OneDrive - Seine-Normandie Migrateurs\\Zotero\\storage\\2FPWESMP\\TOC.html:text/html},
}

@article{belliard_return_2009,
	title = {Return of adult anadromous allis shad ({Alosa} alosa {L}.) in the river {Seine}, {France}: {A} sign of river recovery?},
	volume = {25},
	copyright = {Copyright {\textcopyright} 2009 John Wiley \& Sons, Ltd.},
	issn = {1535-1467},
	shorttitle = {Return of adult anadromous allis shad ({Alosa} alosa {L}.) in the river {Seine}, {France}},
	url = {https://onlinelibrary.wiley.com/doi/abs/10.1002/rra.1221},
	doi = {10.1002/rra.1221},
	abstract = {In the past, the diadromous fish fauna of the river Seine comprised 11 native species. From the second part of the 19th century, the progressive modification of the river for navigation purposes and the increase of domestic and industrial pollution led to a general decline of migratory stocks and the extinction of several species. Among them, allis shad (Alosa alosa) was previously widespread in the Seine basin, but disappeared at the beginning of the 20th century. In July 2004, several individuals of shad were observed in the river Seine upstream of Paris (410 km from the sea), one of them was identified as an allis shad that had clearly spawned (thin fish and large scale erosion). A second allis shad was caught in a more downstream location (180 km from the sea) in November 2007 and a spawning mark was found on scales demonstrating clear evidence of reproduction. Recent occurrences of this species are discussed in relation to the present conditions of water quality and migration in the Seine watershed and recent evolution of the species' distribution in the northwestern part of France. Copyright {\textcopyright} 2009 John Wiley \& Sons, Ltd.},
	language = {en},
	number = {6},
	urldate = {2019-01-24},
	journal = {River Research and Applications},
	author = {Belliard, J. and Marchal, J. and Ditche, J.-M. and Tales, E. and Sabati{\'e}, R. and Baglini{\`e}re, J.-L.},
	year = {2009},
	keywords = {water quality, diadromous fishes, migration facilities, restoration},
	pages = {788--794},
	file = {Belliard et al. - 2009 - Return of adult anadromous allis shad ( iAlosa a.pdf:D\:\\OneDrive - Seine-Normandie Migrateurs\\Zotero\\storage\\BB72J5LF\\Belliard et al. - 2009 - Return of adult anadromous allis shad ( iAlosa a.pdf:application/pdf;Snapshot:D\:\\OneDrive - Seine-Normandie Migrateurs\\Zotero\\storage\\E4TAZQNF\\rra.html:text/html},
}

@phdthesis{belliard_peuplement_1994,
	type = {thesis},
	title = {Le {Peuplement} ichtyologique du bassin de la {Seine} : role et signification des {\'e}chelles temporelles et spatiales},
	shorttitle = {Le {Peuplement} ichtyologique du bassin de la {Seine}},
	url = {http://www.theses.fr/1994PA066035},
	abstract = {Ce travail poursuit un double objectif: fournir une synth{\`e}se des donn{\'e}es existantes concernant l'ichtyocoenose du bassin de la seine et, au del{\`a}, comprendre les modalit{\'e}s d'organisation des peuplements piscicoles a l'{\'e}chelle d'un bassin fluvial. La premi{\`e}re partie aborde, a travers plusieurs niveaux de perception temporelle, les aspects relatifs a l'{\'e}volution des peuplements piscicoles. L'origine biog{\'e}ographique de la faune est rappel{\'e}e. Le poids des activit{\'e}s humaines sur la composition de l'ichtyocoenose actuelle est souligne. Enfin, l'{\'e}volution de la structure des peuplements depuis le milieu du si{\`e}cle dernier est d{\'e}taill{\'e}e pour quelques secteurs du bassin. La seconde partie analyse l'organisation actuelle des peuplements a l'{\'e}chelle du bassin en liaison avec diff{\'e}rents param{\`e}tres de l'environnement. Deux facteurs structurants sont plus particuli{\`e}rement examin{\'e}s: le gradient longitudinal du r{\'e}seau fluvial responsable d'une succession d'esp{\`e}ces de l'amont vers l'aval, et l'organisation r{\'e}gionale du bassin qui conduit a une diff{\'e}renciation des peuplements issus de rivi{\`e}res traversant des r{\'e}gions naturelles diff{\'e}rentes. La conclusion insiste sur l'importance de prendre en compte la dimension historique dans l'{\'e}tude des peuplements et sur la complexit{\'e} de l'expression de la diversit{\'e} des ichtyocoenoses en milieu fluvial},
	urldate = {2019-01-24},
	school = {Paris 6},
	author = {Belliard, J{\'e}r{\^o}me},
	month = jan,
	year = {1994},
	keywords = {Biodiversit{\'e} -- France -- Seine, Bassin de la (France), Hydrologie, Ichtyologie -- France -- Seine, Bassin de la (France), Poissons -- Populations -- France -- Seine, Bassin de la (France)},
	file = {Snapshot:D\:\\OneDrive - Seine-Normandie Migrateurs\\Zotero\\storage\\Q3HA9C4X\\1994PA066035.html:text/html},
}

@article{baril_radio-pistage_1986,
	title = {Radio-pistage de saumons adultes ({Salmo} salar) en {Loire}},
	volume = {302},
	copyright = {{\textcopyright} ONEMA, 1986},
	issn = {0767-2861},
	url = {https://www.kmae-journal.org/articles/kmae/abs/1986/03/kmae198630202/kmae198630202.html},
	doi = {10.1051/kmae:1986006},
	abstract = {La technique du radio-pistage a {\'e}t{\'e} mise en oeuvre en 1983 et 1984 sur la Loire, pour {\'e}tudier le comportement des sau mons adultes (Salmo salar) face {\`a} deux obstacles : les seuils de Dampierre-en- Burly et de Belleville-sur-Loire. Dix-sept saumons ont {\'e}t{\'e} {\'e}quip{\'e}s d'un {\'e}metteur-radio et quinze franchissements ont pu {\^e}tre observ{\'e}s apr{\`e}s des arr{\^e}ts de migration plus ou moins longs {\`a} l'aval des seuils. La dur{\'e}e de ces arr{\^e}ts de migration a {\'e}t{\'e} {\'e}troitement li{\'e}e {\`a} l'{\'e}volution du param{\`e}tre temp{\'e}rature, except{\'e} pour deux saumons pour lesquels l'hypoth{\`e}se d'un stress cons{\'e}cutif au marquage a {\'e}t{\'e} retenue.},
	language = {fr},
	urldate = {2019-08-07},
	journal = {Bulletin Fran{\c c}ais de la P{\^e}che et de la Pisciculture},
	author = {Baril, D. and Gueneau, P.},
	year = {1986},
	pages = {86--105},
	file = {Full Text PDF:D\:\\OneDrive - Seine-Normandie Migrateurs\\Zotero\\storage\\AB8NTC6R\\Baril et Gueneau - 1986 - Radio-pistage de saumons adultes (Salmo salar) en .pdf:application/pdf;Snapshot:D\:\\OneDrive - Seine-Normandie Migrateurs\\Zotero\\storage\\QSDGWGIX\\kmae198630202.html:text/html},
}

@techreport{le_peru_suivi_2015,
	type = {Rapport technique},
	title = {Suivi comportemental des {Grands} {Salmonid{\'e}s} sur le bassin de la {Canche} en 2015},
	institution = {FDAAPPMA 62},
	author = {Le Peru, Yann and Rigault, Benoit and Boucault, Julien},
	year = {2015},
	file = {RAPPORT-Suivi-comportemental-des-Grands-Salmonid{\'e}s-sur-le-bassin-de-la-Canche-en-2015-FDPPMA-62.pdf:D\:\\OneDrive - Seine-Normandie Migrateurs\\Zotero\\storage\\AEMJ3RLR\\RAPPORT-Suivi-comportemental-des-Grands-Salmonid{\'e}s-sur-le-bassin-de-la-Canche-en-2015-FDPPMA-62.pdf:application/pdf},
}

@book{bagliniere_les_2000,
	address = {Paris},
	title = {Les aloses ({Alosa} alosa et {Alosa} fallax spp.): {\'e}cobiologie et variabilit{\'e} des populations},
	isbn = {978-2-7592-0542-4},
	shorttitle = {Les aloses ({Alosa} alosa et {Alosa} fallax spp.)},
	url = {http://public.ebookcentral.proquest.com/choice/publicfullrecord.aspx?p=3399048},
	language = {fr},
	urldate = {2019-12-19},
	publisher = {Institut national de la recherche agronomique},
	author = {Baglini{\`e}re, Jean-Luc and Elie, P},
	year = {2000},
	note = {OCLC: 846947114},
	file = {Baglini{\`e}re et Elie - 2000 - Les aloses (Alosa alosa et Alosa fallax spp.) {\'e}co.pdf:D\:\\OneDrive - Seine-Normandie Migrateurs\\Zotero\\storage\\U46QQI6Y\\Baglini{\`e}re et Elie - 2000 - Les aloses (Alosa alosa et Alosa fallax spp.) {\'e}co.pdf:application/pdf},
}

@article{bartulovic_reproductive_2011,
	title = {Reproductive cycles of {Mugil} cephalus, {Liza} ramada and {Liza} aurata ({Teleostei}: {Mugilidae})},
	volume = {78},
	issn = {00221112},
	shorttitle = {Reproductive cycles of {Mugil} cephalus, {Liza} ramada and {Liza} aurata ({Teleostei}},
	url = {http://doi.wiley.com/10.1111/j.1095-8649.2011.02953.x},
	doi = {10.1111/j.1095-8649.2011.02953.x},
	language = {en},
	number = {7},
	urldate = {2020-11-19},
	journal = {Journal of Fish Biology},
	author = {Bartulovi{\'c}, V. and Dul{\v c}i{\'c}, J. and Mati{\'c}-Skoko, S. and Glamuzina, B.},
	month = jun,
	year = {2011},
	pages = {2067--2073},
	file = {Bartulovi{\'c} et al. - 2011 - Reproductive cycles of Mugil cephalus, Liza ramada.pdf:D\:\\OneDrive - Seine-Normandie Migrateurs\\Zotero\\storage\\N333IJTR\\Bartulovi{\'c} et al. - 2011 - Reproductive cycles of Mugil cephalus, Liza ramada.pdf:application/pdf},
}

@techreport{neveu_suivi_2021,
	title = {Suivi et estimation du recrutement de la {Seine} en {Anguille} europ{\'e}enne ({Anguilla} anguilla)},
	language = {fr},
	institution = {Seine Normandie Migrateurs, Universit{\'e} de Rennes 1},
	author = {Neveu, Th{\'e}o},
	month = sep,
	year = {2021},
	pages = {57},
	file = {Neveu - Suivi et estimation du recrutement de la Seine en .pdf:D\:\\OneDrive - Seine-Normandie Migrateurs\\Zotero\\storage\\QIUD8TSM\\Neveu - Suivi et estimation du recrutement de la Seine en .pdf:application/pdf},
}

@article{legrand_stacomir_2019,
	title = {{stacomiR} : a common tool for monitoring fish migration},
	volume = {4},
	issn = {2475-9066},
	shorttitle = {{stacomiR}},
	url = {https://joss.theoj.org/papers/10.21105/joss.00791},
	doi = {10.21105/joss.00791},
	abstract = {Migratory fish (like eel, salmon, shad or lamprey) are patrimonial species with cultural, scientific and economical strong interest (Keith, Persat, Feunteun, \& Allardi, 2011). Migratory fishes population are vulnerable as they are often more prone to human impact when migrating in rivers and to the ocean (McDowall, 1992). They are often counted at stations when they perform the migrations at some of their lifestages, and these counts provide valuable indices to the population size and trend. In France, this kind of data are collected by various organizations (e.g. Migratory Associations, Amateur Fishing Federations, public institutions or research laboratories) whose purpose is to monitor fish during a long-time period. To our knowledge, there is no structured database for these data.},
	language = {en},
	number = {40},
	urldate = {2022-06-16},
	journal = {Journal of Open Source Software},
	author = {Legrand, Marion and Briand, C{\'e}dric and Besse, Timoth{\'e}e},
	month = aug,
	year = {2019},
	pages = {791},
	file = {Legrand et al. - 2019 - stacomiR  a common tool for monitoring fish migra.pdf:D\:\\OneDrive - Seine-Normandie Migrateurs\\Zotero\\storage\\HC8SINC8\\Legrand et al. - 2019 - stacomiR  a common tool for monitoring fish migra.pdf:application/pdf},
}

@techreport{brasseur_suivi_2022,
	title = {Suivi et estimation du recrutement de la {Seine} en anguille europ{\'e}enne ({Anguilla} anguilla ; {Linnaeus}, 1758) au barrage de {Poses} ({Eure}) pour la p{\'e}riode 2022},
	language = {fr},
	institution = {Seine Normandie Migrateurs, Universit{\'e} Clermont Auvergne},
	author = {Brasseur, Th{\'e}au},
	year = {2022},
	file = {Brasseur - Suivi et estimation du recrutement de la Seine en .pdf:D\:\\OneDrive - Seine-Normandie Migrateurs\\Zotero\\storage\\5B3VWNLJ\\Brasseur - Suivi et estimation du recrutement de la Seine en .pdf:application/pdf},
}